
@misc{SE_proof-that-the-trace-of-a-matrix-is-the-sum-of-its-eigenvalues,
  title = {Proof That The Trace Of A  Matrix Is The Sum Of Its Eigenvalues},
  howpublished = {\url{http://math.stackexchange.com/questions/546155/proof-that-the-trace-of-a-matrix-is-the-sum-of-its-eigenvalues}},
  note = {Accessed: 2015-04-21}
}
@misc{vnl_symmetric_eigensystem,
  title = {vnl\_symmetric\_eigensystem File Reference},
  howpublished = {\url{http://public.kitware.com/vxl/doc/development/core/vnl/html/vnl__symmetric__eigensystem_8h.html}},
  note = {Accessed: 2015-04-27}
}
@misc{svd_of_a_symmetric_matrix,
  title = {How to Compute SVD of a Symmetric Matrix},
  howpublished = {\url{http://math.stackexchange.com/questions/22825/how-to-compute-svd-singular-value-decomposition-of-a-symmetric-matrix}},
  note = {Accessed: 2015-04-27}
}
@misc{vnl_svd,
  title = {vnl\_svd File Reference},
  howpublished = {\url{http://public.kitware.com/vxl/doc/release/core/vnl/html/classvnl__svd.html}},
  note = {Accessed: 2015-04-27}
}
@article{Higham1988,
author = {Higham, Nicholas J},
doi = {10.1016/0024-3795(88)90223-6},
file = {:Users/johnsonhj/Documents/MendeleyDesktop/Higham/1988/Linear Algebra and Its Applications/Higham - 1988 - Computing a Nearest Symmetric Positive Semidefinite Matrix.pdf:pdf},
journal = {Linear Algebra and Its Applications},
pages = {103--118},
title = {{Computing a Nearest Symmetric Positive Semidefinite Matrix}},
volume = {118},
year = {1988}
}
@inproceedings{baumgartner2012filtered,
  title={Filtered multi-tensor tractography using free water estimation},
  author={Baumgartner, Christian and Pasternak, Ofer and Bouix, Sylvain and Westin, Carl-Fredrik and Rathi, Yogesh},
  booktitle={Inernational Society for Magnetic Resonance in Medicine Meeting},
  year={2012}
}

